%% LaTeX2e file `jobname1.bib'
%% generated by the `filecontents' environment
%% from source `enrique_segura_cv' on 2020/07/13.
%%
@misc{pppl,
    author={Segura Carrillo, Enrique},
    organization = {Princeton Plasma Physics Laboratory Graduate Summer School},
    title ={{Mitigating Slow-Drift Effects for Plasma Wakefield Particle Acceleration}},
    year={2019},
    location = {Princeton, NJ, USA},
}
