%% LaTeX2e file `jobname.bib'
%% generated by the `filecontents' environment
%% from source `enrique_segura_cv' on 2020/07/23.
%%
@inproceedings{McGoldrick:2016:WCR:2999504.3001118,
    author = {Mc Goldrick, Ciar\'{a}n and Segura, Enrique and Wu, Tianyan and Gerla, Mario},
    title = {WaterCom: Connecting Research Configurations with Practical Deployments: A Multilevel, Multipurpose Underwater Communications Test Platform},
    booktitle = {Proceedings of the 11th ACM International Conference on Underwater Networks \& Systems},
    series = {WUWNet '16},
    year = {2016},
    isbn = {978-1-4503-4637-5},
    location = {Shanghai, China},
    pages = {8:1--8:2},
    articleno = {8},
    numpages = {2},
    url = {http://doi.acm.org/10.1145/2999504.3001118},
    doi = {10.1145/2999504.3001118},
    acmid = {3001118},
    publisher = {ACM},
    address = {New York, NY, USA},
}

@inproceedings{Goldrick:2015:WMM:2831296.2831336,
    author = {Mc Goldrick, Ciar\'{a}n and Matney, Mark and Segura, Enrique and Noh, Youngtae and Gerla, Mario},
    title = {WaterCom: A Multilevel, Multipurpose Underwater Communications Test Platform},
    booktitle = {Proceedings of the 10th International Conference on Underwater Networks \& Systems},
    series = {WUWNET '15},
    year = {2015},
    isbn = {978-1-4503-4036-6},
    location = {Arlington, VA, USA},
    pages = {14:1--14:8},
    articleno = {14},
    numpages = {8},
    url = {http://doi.acm.org/10.1145/2831296.2831336},
    doi = {10.1145/2831296.2831336},
    acmid = {2831336},
    publisher = {ACM},
    address = {New York, NY, USA},
}
